<?xml version="1.0" encoding="UTF-8"?>
<srw:searchRetrieveResponse xmlns:srw="http://www.loc.gov/zing/srw/"
                            xmlns="http://catalogue.bnf.fr/namespaces/InterXMarc"
                            xmlns:ixm="http://catalogue.bnf.fr/namespaces/InterXMarc"
                            xmlns:mn="http://catalogue.bnf.fr/namespaces/motsnotices">
    <srw:version>1.2</srw:version>
    <srw:echoedSearchRetrieveRequest>
        <srw:version>1.2</srw:version>
        <srw:query>bib.isbn adj "9782344016893"</srw:query>
    </srw:echoedSearchRetrieveRequest>
    <srw:numberOfRecords>1</srw:numberOfRecords>
    <srw:records>
        <srw:record>
            <srw:recordSchema>marcxchange</srw:recordSchema>
            <srw:recordPacking>xml</srw:recordPacking>
            <srw:recordData>
                <mxc:record xmlns:mxc="info:lc/xmlns/marcxchange-v2" format="UNIMARC" id="ark:/12148/cb453986124"
                            type="Bibliographic">
                    <mxc:leader>cam 22 450</mxc:leader>
                    <mxc:controlfield tag="001">FRBNF453986120000004</mxc:controlfield>
                    <mxc:controlfield tag="003">http://catalogue.bnf.fr/ark:/12148/cb453986124</mxc:controlfield>
                    <mxc:datafield tag="010" ind1=" " ind2=" ">
                        <mxc:subfield code="a">978-2-344-01689-3</mxc:subfield>
                        <mxc:subfield code="b">rel.</mxc:subfield>
                        <mxc:subfield code="d">35,50 EUR</mxc:subfield>
                    </mxc:datafield>

                    <mxc:datafield tag="020" ind1=" " ind2=" ">
                        <mxc:subfield code="a">FR</mxc:subfield>
                        <mxc:subfield code="b">01807428</mxc:subfield>
                    </mxc:datafield>

                    <mxc:datafield tag="073" ind1=" " ind2="0">
                        <mxc:subfield code="a">9782344016893</mxc:subfield>
                    </mxc:datafield>

                    <mxc:datafield tag="100" ind1=" " ind2=" ">
                        <mxc:subfield code="a">20171124d2017 m y0frey50 ba</mxc:subfield>
                    </mxc:datafield>

                    <mxc:datafield tag="101" ind1="0" ind2=" ">
                        <mxc:subfield code="a">fre</mxc:subfield>
                    </mxc:datafield>

                    <mxc:datafield tag="102" ind1=" " ind2=" ">
                        <mxc:subfield code="a">FR</mxc:subfield>
                    </mxc:datafield>

                    <mxc:datafield tag="105" ind1=" " ind2=" ">
                        <mxc:subfield code="a">||||z 00|y|</mxc:subfield>
                    </mxc:datafield>

                    <mxc:datafield tag="106" ind1=" " ind2=" ">
                        <mxc:subfield code="a">r</mxc:subfield>
                    </mxc:datafield>

                    <mxc:datafield tag="181" ind1=" " ind2="0">
                        <mxc:subfield code="6">01</mxc:subfield>
                        <mxc:subfield code="a">i</mxc:subfield>
                        <mxc:subfield code="b">xxxe</mxc:subfield>
                        <mxc:subfield code="a">b</mxc:subfield>
                        <mxc:subfield code="b">xb2e</mxc:subfield>
                    </mxc:datafield>

                    <mxc:datafield tag="181" ind1=" " ind2=" ">
                        <mxc:subfield code="6">02</mxc:subfield>
                        <mxc:subfield code="c">txt</mxc:subfield>
                        <mxc:subfield code="c">sti</mxc:subfield>
                        <mxc:subfield code="2">rdacontent</mxc:subfield>
                    </mxc:datafield>

                    <mxc:datafield tag="182" ind1=" " ind2="0">
                        <mxc:subfield code="6">01</mxc:subfield>
                        <mxc:subfield code="a">n</mxc:subfield>
                    </mxc:datafield>

                    <mxc:datafield tag="182" ind1=" " ind2=" ">
                        <mxc:subfield code="6">02</mxc:subfield>
                        <mxc:subfield code="c">n</mxc:subfield>
                        <mxc:subfield code="2">rdamedia</mxc:subfield>
                    </mxc:datafield>

                    <mxc:datafield tag="200" ind1="1" ind2=" ">
                        <mxc:subfield code="a">Skieurs de légende</mxc:subfield>
                        <mxc:subfield code="b">Texte imprimé</mxc:subfield>
                        <mxc:subfield code="f">Alexandre Pasteur</mxc:subfield>
                    </mxc:datafield>

                    <mxc:datafield tag="210" ind1=" " ind2=" ">
                        <mxc:subfield code="e">impr. en Slovénie</mxc:subfield>
                    </mxc:datafield>

                    <mxc:datafield tag="215" ind1=" " ind2=" ">
                        <mxc:subfield code="a">1 vol. (190 p.)</mxc:subfield>
                        <mxc:subfield code="c">ill. en coul.</mxc:subfield>
                        <mxc:subfield code="d">29 cm</mxc:subfield>
                    </mxc:datafield>

                    <mxc:datafield tag="219" ind1=" " ind2="0">
                        <mxc:subfield code="a">Grenoble</mxc:subfield>
                        <mxc:subfield code="c">Glénat</mxc:subfield>
                        <mxc:subfield code="d">DL 2017</mxc:subfield>
                    </mxc:datafield>

                    <mxc:datafield tag="300" ind1=" " ind2=" ">
                        <mxc:subfield code="a">Bibliogr., 1 p.</mxc:subfield>
                    </mxc:datafield>

                    <mxc:datafield tag="330" ind1=" " ind2=" ">
                        <mxc:subfield code="a">Pour tous ceux que le ski fait vibrer, voilà une mise en bouche de choix
                            pour goûter à la ferveur olympique, quelques semaines avant le coup d'envoi des XXIIIe Jeux
                            d'hiver.Slalom, géant, super-G, descente… quelle que soit la discipline, les quarante-sept
                            skieurs alpins présentés dans ce livre ont un point commun : les podiums. Multiples
                            vainqueurs en coupe du monde le plus souvent, ils ont pu rafler l'or aux J.O. ou aux
                            championnats du monde. D'Ingemar Stenmark à Lindsey Vonn, en passant par Alberto Tomba, Luc
                            Alphand ou Katja Seizinger, ces champions ont tous laissé une trace dans la grande histoire
                            du ski alpin de compétition. Quarante-sept destins exceptionnels et autant d'histoires
                            trépidantes, parfois tragiques, superbement illustrées par les meilleurs photographes de la
                            discipline. LE livre que tous les amateurs de ski voudront avoir dans leur
                            bibliothèque.
                        </mxc:subfield>
                        <mxc:subfield code="2">éditeur</mxc:subfield>
                    </mxc:datafield>

                    <mxc:datafield tag="606" ind1=" " ind2=" ">
                        <mxc:subfield code="3">11944276</mxc:subfield>
                        <mxc:subfield code="a">Skieurs</mxc:subfield>
                        <mxc:subfield code="3">11975995</mxc:subfield>
                        <mxc:subfield code="z">20e siècle</mxc:subfield>
                        <mxc:subfield code="2">rameau</mxc:subfield>
                    </mxc:datafield>

                    <mxc:datafield tag="606" ind1=" " ind2=" ">
                        <mxc:subfield code="3">11944276</mxc:subfield>
                        <mxc:subfield code="a">Skieurs</mxc:subfield>
                        <mxc:subfield code="3">12432924</mxc:subfield>
                        <mxc:subfield code="z">1990-....</mxc:subfield>
                        <mxc:subfield code="2">rameau</mxc:subfield>
                    </mxc:datafield>

                    <mxc:datafield tag="676" ind1=" " ind2=" ">
                        <mxc:subfield code="a">796.935 0922</mxc:subfield>
                        <mxc:subfield code="v">23</mxc:subfield>
                    </mxc:datafield>

                    <mxc:datafield tag="686" ind1=" " ind2=" ">
                        <mxc:subfield code="a">796</mxc:subfield>
                        <mxc:subfield code="2">Cadre de classement de la Bibliographie nationale
                            française
                        </mxc:subfield>
                    </mxc:datafield>

                    <mxc:datafield tag="700" ind1=" " ind2="|">
                        <mxc:subfield code="3">17712615</mxc:subfield>
                        <mxc:subfield code="o">ISNI0000000464474758</mxc:subfield>
                        <mxc:subfield code="a">Pasteur</mxc:subfield>
                        <mxc:subfield code="b">Alexandre</mxc:subfield>
                        <mxc:subfield code="f">1970-....</mxc:subfield>
                        <mxc:subfield code="4">070</mxc:subfield>
                    </mxc:datafield>

                    <mxc:datafield tag="801" ind1=" " ind2="0">
                        <mxc:subfield code="a">FR</mxc:subfield>
                        <mxc:subfield code="b">FR-751131015</mxc:subfield>
                        <mxc:subfield code="c">20171124</mxc:subfield>
                        <mxc:subfield code="g">AFNOR</mxc:subfield>
                        <mxc:subfield code="h">FRBNF453986120000004</mxc:subfield>
                        <mxc:subfield code="2">intermrc</mxc:subfield>
                    </mxc:datafield>

                    <mxc:datafield tag="930" ind1=" " ind2=" ">
                        <mxc:subfield code="5">FR-751131010:45398612001001</mxc:subfield>
                        <mxc:subfield code="a">2017-284555</mxc:subfield>
                        <mxc:subfield code="b">759999999</mxc:subfield>
                        <mxc:subfield code="c">Tolbiac - Rez de Jardin - Littérature et art - Magasin</mxc:subfield>
                        <mxc:subfield code="d">O</mxc:subfield>
                    </mxc:datafield>

                </mxc:record>
            </srw:recordData>

            <srw:recordIdentifier>ark:/12148/cb453986124</srw:recordIdentifier>
            <srw:recordPosition>1</srw:recordPosition>
            <srw:extraRecordData>
                <ixm:attr name="CreationDate">20171124</ixm:attr>
                <ixm:attr name="LastModificationDate">20180215</ixm:attr>
                <mn:score>6.2908797</mn:score>
            </srw:extraRecordData>
        </srw:record>
    </srw:records>
</srw:searchRetrieveResponse>
